@article{Samir2025,
  title = {Numerical investigation of high-temperature proton exchange membrane fuel cell conductivity at different parameters},
  volume = {15},
  ISSN = {2045-2322},
  url = {http://dx.doi.org/10.1038/s41598-025-89277-6},
  DOI = {10.1038/s41598-025-89277-6},
  number = {1},
  journal = {Scientific Reports},
  publisher = {Springer Science and Business Media LLC},
  author = {Samir,  A. and Maowwad,  M. S. and Farahat,  M. A. and Talaat,  M.},
  year = {2025},
  month = feb 
}